@misc{Dorra,
  author = "Dorota Rabczuk",
  title = "Szeregowy interfejs SPI",
  howpublished =    "\url{http://castor.am.gdynia.pl/~dorra/pliki/Magistrale%20%20-%20podstawy%20teoretyczne.pdf}",
  note = "[Online; dostęp 15-11-2015]",
}

@misc{GalileoBoard,
  author = "Intel Corporation",
  title = "Intel® Galileo Development Board: Datasheet",
  howpublished =    "\url{http://www.intel.com/content/www/us/en/embedded/products/galileo/galileo-g1-datasheet.html}",
  note = "[Online; dostęp 15-11-2015]",
}

@misc{IntelGalileo,
  author = "Arduino",
  title = "Intel Galileo",
  howpublished =    "\url{https://www.arduino.cc/en/ArduinoCertified/IntelGalileo}",
  note = "[Online; dostęp 15-11-2015]",
}

@misc{byteparadigm,
  author = "Byte Paradigm",
  title = "$I^2C$ vs SPI",
  howpublished =    "\url{http://www.byteparadigm.com/applications/introduction-to-i2c-and-spi-protocols/}",
  note = "[Online; dostęp 15-11-2015]",
}

@misc{GalileoVSRaspberry,
  author = "Lynnette Reese",
  title = "A Comparison of Open Source Hardware: Intel Galileo vs. Raspberry Pi",
  howpublished =    "\url{http://eu.mouser.com/applications/open-source-hardware-galileo-pi/}",
  note = "[Online; dostęp 15-11-2015]",
}

@misc{Botland,
  author = "Botland",
  title = "Arduino Uno Rev3",
  howpublished =    "\url{http://botland.com.pl/arduino-moduly-glowne/1060-arduino-uno-r3.html}",
  note = "[Online; dostęp 15-11-2015]",
}

@misc{SergeySBlog,
  author = "Sergey Kiselev",
  title = "Sergey's Blog",
  howpublished =    "\url{http://www.malinov.com/Home/sergey-s-blog}",
  note = "[Online; dostęp 15-11-2015]",
}

@Book{GalileoBook,
  author =       "Manoel Carlos Ramon",
  title =        "Intel Galileo and Intel Galileo Gen2 API Features and Arduino projects for Linux programmers",
  year =         "2014",
  publisher =    "Apress Media",
}

@misc{FTDI,
  author = "FTDI",
  title = "FT800 - Display, Audio and Touch Controller",
  howpublished =    "\url{http://www.ftdichip.com/Products/ICs/FT800.html}",
  note = "[Online; dostęp 15-11-2015]",
}

@misc{JSON,
  author = "JSON",
  title = "JSON - Wprowadzenie",
  howpublished =    "\url{http://www.json.org/json-pl.html}",
  note = "[Online; dostęp 28-02-2016]",
}

@misc{XML,
  author = "Bartłomiej Świercz",
  title = "Wprowadzenie do technologii XML",
  howpublished =    "\url{http://neo.dmcs.pl/webservices/websrv_wyklad1.pdf}",
  note = "[Online; dostęp 28-02-2016]",
}