@misc{dorra,
  author = "Dorota Rabczuk",
  title = "Szeregowy interfejs SPI",
  howpublished =    "\url{http://castor.am.gdynia.pl/~dorra/pliki/Magistrale%20%20-%20podstawy%20teoretyczne.pdf}",
  note = "[Online; dostÄ™p 15-11-2015]",
}
